
<!-- letter at end of cutter LC and Grade-->
    <record>
        <leader>00774cam a2200193Mi 45 0</leader>
        <controlfield tag="001">acutterEndsLetLCGrade</controlfield>
        <controlfield tag="008">060502s2005    mx            000 0 spa d</controlfield>
        <datafield tag="245" ind1="1" ind2="3">
            <subfield code="a">letter at end of cutter LC and Grade from 5621459</subfield>
        </datafield>
        <datafield tag="999" ind1=" " ind2=" ">
            <subfield code="a">TX519 .L18ST GRADE 1</subfield>
            <subfield code="w">LC</subfield>
            <subfield code="c">1</subfield>
            <subfield code="i">36105049323657</subfield>
            <subfield code="d">4/10/2009</subfield>
            <subfield code="e">4/1/2009</subfield>
            <subfield code="l">STACKS</subfield>
            <subfield code="m">EDUCATION</subfield>
            <subfield code="r">Y</subfield>
            <subfield code="s">Y</subfield>
            <subfield code="t">STKS-MONO</subfield>
            <subfield code="u">4/29/2004</subfield>
            <subfield code="z">DIGI-SENT</subfield>
            <subfield code="o">.TECHSTAFF. Backstage Library Works recon 04/09/2004</subfield>
        </datafield>
        <datafield tag="999" ind1=" " ind2=" ">
            <subfield code="a">TX519 .L18ST GRADE 2</subfield>
            <subfield code="w">LC</subfield>
            <subfield code="c">1</subfield>
            <subfield code="i">36105049323665</subfield>
            <subfield code="d">4/10/2009</subfield>
            <subfield code="e">4/1/2009</subfield>
            <subfield code="l">STACKS</subfield>
            <subfield code="m">EDUCATION</subfield>
            <subfield code="r">Y</subfield>
            <subfield code="s">Y</subfield>
            <subfield code="t">STKS-MONO</subfield>
            <subfield code="u">4/29/2004</subfield>
            <subfield code="z">DIGI-SENT</subfield>
            <subfield code="o">.TECHSTAFF. Backstage Library Works recon 04/09/2004</subfield>
        </datafield>
    </record>