
    
<!-- letter at end of cutter Dewey -->
    <record>
        <leader>00774cam a2200193Mi 45 0</leader>
        <controlfield tag="001">acutterEndsLetDewey</controlfield>
        <controlfield tag="008">060502s2005    mx            000 0 spa d</controlfield>
        <datafield tag="245" ind1="1" ind2="3">
            <subfield code="a">letter at end of cutter Dewey from 2221080 and 370787</subfield>
        </datafield>
        <datafield tag="999" ind1=" " ind2=" ">
            <subfield code="a">888.4 .JF78A V.5</subfield>
            <subfield code="w">DEWEY</subfield>
            <subfield code="c">1</subfield>
            <subfield code="i">36105002486350</subfield>
            <subfield code="d">12/8/2008</subfield>
            <subfield code="e">11/26/2008</subfield>
            <subfield code="l">STACKS</subfield>
            <subfield code="m">GREEN</subfield>
            <subfield code="n">4</subfield>
            <subfield code="p">$40.00</subfield>
            <subfield code="q">2</subfield>
            <subfield code="r">Y</subfield>
            <subfield code="s">Y</subfield>
            <subfield code="t">STKS-MONO</subfield>
            <subfield code="u">7/22/1983</subfield>
            <subfield code="z">DIGI-SENT</subfield>
            <subfield code="o">.TECHSTAFF. i:emk</subfield>
        </datafield>
        <datafield tag="999" ind1=" " ind2=" ">
            <subfield code="a">888.4 .JF78A V.6</subfield>
            <subfield code="w">DEWEY</subfield>
            <subfield code="c">1</subfield>
            <subfield code="i">36105005481937</subfield>
            <subfield code="d">4/1/2009</subfield>
            <subfield code="e">11/26/2008</subfield>
            <subfield code="l">STACKS</subfield>
            <subfield code="m">GREEN</subfield>
            <subfield code="n">6</subfield>
            <subfield code="p">$40.00</subfield>
            <subfield code="q">2</subfield>
            <subfield code="r">Y</subfield>
            <subfield code="s">Y</subfield>
            <subfield code="t">STKS-MONO</subfield>
            <subfield code="u">7/22/1983</subfield>
            <subfield code="z">DIGI-SENT</subfield>
            <subfield code="o">.TECHSTAFF. i:emk</subfield>
            <subfield code="o">.TECHSTAFF. IT.Retain in Green.</subfield>
        </datafield>
        <datafield tag="999" ind1=" " ind2=" ">
            <subfield code="a">505 .N285B V.241-245 1973</subfield>
            <subfield code="w">DEWEYPER</subfield>
            <subfield code="c">2</subfield>
            <subfield code="i">36105000923040</subfield>
            <subfield code="d">4/5/2007</subfield>
            <subfield code="e">12/28/1992</subfield>
            <subfield code="l">STACKS</subfield>
            <subfield code="m">PHYSICS</subfield>
            <subfield code="p">$40.00</subfield>
            <subfield code="q">6</subfield>
            <subfield code="r">Y</subfield>
            <subfield code="s">Y</subfield>
            <subfield code="t">PERI</subfield>
            <subfield code="u">2/19/1979</subfield>
            <subfield code="o">.TECHSTAFF. #16/c:gf/i:vp/i:bpk</subfield>
        </datafield>
        <datafield tag="999" ind1=" " ind2=" ">
            <subfield code="a">505 .N285B V.229-234 1971</subfield>
            <subfield code="w">DEWEYPER</subfield>
            <subfield code="c">2</subfield>
            <subfield code="i">36105000923156</subfield>
            <subfield code="d">6/23/2006</subfield>
            <subfield code="e">11/22/1995</subfield>
            <subfield code="l">STACKS</subfield>
            <subfield code="m">PHYSICS</subfield>
            <subfield code="p">$40.00</subfield>
            <subfield code="q">7</subfield>
            <subfield code="r">Y</subfield>
            <subfield code="s">Y</subfield>
            <subfield code="t">PERI</subfield>
            <subfield code="u">2/19/1979</subfield>
            <subfield code="o">.TECHSTAFF. #16/c:gf/i:vp/i:bpk</subfield>
        </datafield>
    </record>