
    
<!-- small map folder -->
    <record>
        <leader>00928cam a2200229 a 4500</leader>
        <controlfield tag="001">asmallMapFolder</controlfield>
        <controlfield tag="008">870909s1986    enka          000 0 eng d</controlfield>
        <datafield tag="245" ind1="0" ind2="0">
            <subfield code="a">small map folder</subfield>
        </datafield>
        <datafield tag="999" ind1=" " ind2=" ">
            <subfield code="a">M1522 SMALL MAP FOLDER 26</subfield>
            <subfield code="w">ALPHANUM</subfield>
            <subfield code="c">1</subfield>
            <subfield code="i">36105115640307</subfield>
            <subfield code="l">MANUSCRIPT</subfield>
            <subfield code="m">SPEC-COLL</subfield>
            <subfield code="r">Y</subfield>
            <subfield code="s">Y</subfield>
            <subfield code="t">MANUSCRIPT</subfield>
            <subfield code="u">2/2/2009</subfield>
            <subfield code="o">.CIRCSTAFF. Basement, Map case Na8 - Tim Noakes, 2/2009</subfield>
        </datafield>
    </record>