
    
<!-- series box -->
    <record>
        <leader>00947cam a2200265 a 4500</leader>
        <controlfield tag="001">aseriesBox</controlfield>
        <controlfield tag="008">891204s1990    ru            000 0 rus  </controlfield>
        <datafield tag="245" ind1="1" ind2="0">
            <subfield code="a">series box from 4085208 and 4332640</subfield>
        </datafield>
        <datafield tag="999" ind1=" " ind2=" ">
            <subfield code="a">SC 165</subfield>
            <subfield code="w">ASIS</subfield>
            <subfield code="c">1</subfield>
            <subfield code="i">4085208-1001</subfield>
            <subfield code="d">5/29/1999</subfield>
            <subfield code="l">U-ARCHIVES</subfield>
            <subfield code="m">SPEC-COLL</subfield>
            <subfield code="r">Y</subfield>
            <subfield code="s">Y</subfield>
            <subfield code="t">ARCHIVE</subfield>
            <subfield code="u">5/29/1999</subfield>
            <subfield code="z">TAX=8.25</subfield>
        </datafield>
        <datafield tag="999" ind1=" " ind2=" ">
            <subfield code="a">SC 165 SERIES 5 BOX 1</subfield>
            <subfield code="w">ALPHANUM</subfield>
            <subfield code="c">1</subfield>
            <subfield code="i">36105116222980</subfield>
            <subfield code="d">5/19/2009</subfield>
            <subfield code="l">UARCH-30</subfield>
            <subfield code="m">SPEC-COLL</subfield>
            <subfield code="r">Y</subfield>
            <subfield code="s">Y</subfield>
            <subfield code="t">NONCIRC</subfield>
            <subfield code="u">1/24/2006</subfield>
        </datafield>
        <datafield tag="999" ind1=" " ind2=" ">
            <subfield code="a">SC 165 SERIES 5 BOX 2</subfield>
            <subfield code="w">ALPHANUM</subfield>
            <subfield code="c">1</subfield>
            <subfield code="i">36105116222998</subfield>
            <subfield code="d">5/19/2009</subfield>
            <subfield code="l">UARCH-30</subfield>
            <subfield code="m">SPEC-COLL</subfield>
            <subfield code="r">Y</subfield>
            <subfield code="s">Y</subfield>
            <subfield code="t">NONCIRC</subfield>
            <subfield code="u">1/24/2006</subfield>
        </datafield>
        <datafield tag="999" ind1=" " ind2=" ">
            <subfield code="a">M1090 SERIES 24 BOX 1</subfield>
            <subfield code="w">ALPHANUM</subfield>
            <subfield code="c">1</subfield>
            <subfield code="i">36105115652104</subfield>
            <subfield code="d">7/7/2008</subfield>
            <subfield code="l">MSS-30</subfield>
            <subfield code="m">SPEC-COLL</subfield>
            <subfield code="r">Y</subfield>
            <subfield code="s">Y</subfield>
            <subfield code="t">NONCIRC</subfield>
            <subfield code="u">10/29/2007</subfield>
        </datafield>
    </record>