
<!-- series os folder -->
    <record>
        <leader>00928cam a2200229 a 4500</leader>
        <controlfield tag="001">aseriesOSFolder</controlfield>
        <controlfield tag="008">870909s1986    enka          000 0 eng d</controlfield>
        <datafield tag="245" ind1="0" ind2="0">
            <subfield code="a">series os folder from 4332640</subfield>
        </datafield>
        <datafield tag="999" ind1=" " ind2=" ">
            <subfield code="a">M1090 SERIES 16 OS FOLDER 276.3</subfield>
            <subfield code="w">ALPHANUM</subfield>
            <subfield code="c">1</subfield>
            <subfield code="i">36105115689627</subfield>
            <subfield code="l">MANUSCRIPT</subfield>
            <subfield code="m">SPEC-COLL</subfield>
            <subfield code="r">Y</subfield>
            <subfield code="s">Y</subfield>
            <subfield code="t">NONCIRC</subfield>
            <subfield code="u">5/21/2007</subfield>
        </datafield>
        <datafield tag="999" ind1=" " ind2=" ">
            <subfield code="a">M1090 SERIES 16 OS FOLDER 279.2</subfield>
            <subfield code="w">ALPHANUM</subfield>
            <subfield code="c">1</subfield>
            <subfield code="i">36105115690385</subfield>
            <subfield code="l">MANUSCRIPT</subfield>
            <subfield code="m">SPEC-COLL</subfield>
            <subfield code="r">Y</subfield>
            <subfield code="s">Y</subfield>
            <subfield code="t">NONCIRC</subfield>
            <subfield code="u">6/4/2007</subfield>
        </datafield>
    </record>