
<!-- series small folder -->
    <record>
        <leader>00928cam a2200229 a 4500</leader>
        <controlfield tag="001">aseriesSmallFolder</controlfield>
        <controlfield tag="008">870909s1986    enka          000 0 eng d</controlfield>
        <datafield tag="245" ind1="0" ind2="0">
            <subfield code="a">series small folder from 4332640</subfield>
        </datafield>
        <datafield tag="999" ind1=" " ind2=" ">
            <subfield code="a">M1090 SERIES 16 SMALL FOLDER 72.06</subfield>
            <subfield code="w">ALPHANUM</subfield>
            <subfield code="c">1</subfield>
            <subfield code="i">36105115689692</subfield>
            <subfield code="l">MSS-30</subfield>
            <subfield code="m">SPEC-COLL</subfield>
            <subfield code="r">Y</subfield>
            <subfield code="s">Y</subfield>
            <subfield code="t">NONCIRC</subfield>
            <subfield code="u">5/21/2007</subfield>
        </datafield>
        <datafield tag="999" ind1=" " ind2=" ">
            <subfield code="a">M1090 SERIES 16 SMALL FOLDER 72.21</subfield>
            <subfield code="w">ALPHANUM</subfield>
            <subfield code="c">1</subfield>
            <subfield code="i">36105115595667</subfield>
            <subfield code="l">MSS-30</subfield>
            <subfield code="m">SPEC-COLL</subfield>
            <subfield code="r">Y</subfield>
            <subfield code="s">Y</subfield>
            <subfield code="t">NONCIRC</subfield>
            <subfield code="u">5/22/2007</subfield>
        </datafield>
    </record>