
<!-- LC with colon -->
    <record>
        <leader>00928cam a2200229 a 4500</leader>
        <controlfield tag="001">acolonLC</controlfield>
        <controlfield tag="008">870909s1986    enka          000 0 eng d</controlfield>
        <datafield tag="245" ind1="0" ind2="0">
            <subfield code="a">LC with colon from 3195844 and 3195846</subfield>
        </datafield>
        <datafield tag="999" ind1=" " ind2=" ">
            <subfield code="a">Q1 .N2 V.434:NO.7031 2005:MAR.17</subfield>
            <subfield code="w">LCPER</subfield>
            <subfield code="c">1</subfield>
            <subfield code="i">36105113299601</subfield>
            <subfield code="d">8/25/2006</subfield>
            <subfield code="l">STACKS</subfield>
            <subfield code="m">EARTH-SCI</subfield>
            <subfield code="p">$125.00</subfield>
            <subfield code="q">1</subfield>
            <subfield code="r">Y</subfield>
            <subfield code="s">Y</subfield>
            <subfield code="t">PERIUNBND</subfield>
            <subfield code="u">3/24/2005</subfield>
            <subfield code="z">TAX=8.25</subfield>
        </datafield>
        <datafield tag="999" ind1=" " ind2=" ">
            <subfield code="a">Q1 .N2 V.421-426 2003:INDEX</subfield>
            <subfield code="w">LCPER</subfield>
            <subfield code="c">1</subfield>
            <subfield code="i">36105113872662</subfield>
            <subfield code="l">STACKS</subfield>
            <subfield code="m">EARTH-SCI</subfield>
            <subfield code="p">$125.00</subfield>
            <subfield code="r">Y</subfield>
            <subfield code="s">Y</subfield>
            <subfield code="t">PERIUNBND</subfield>
            <subfield code="u">5/12/2004</subfield>
            <subfield code="z">TAX=8.25</subfield>
        </datafield>
        <datafield tag="999" ind1=" " ind2=" ">
            <subfield code="a">Q1 .N2 V.171 1953:JAN.-MAR.</subfield>
            <subfield code="w">LCPER</subfield>
            <subfield code="c">1</subfield>
            <subfield code="i">36105126662050</subfield>
            <subfield code="d">8/22/2006</subfield>
            <subfield code="e">8/15/2006</subfield>
            <subfield code="l">STACKS</subfield>
            <subfield code="m">GREEN</subfield>
            <subfield code="r">Y</subfield>
            <subfield code="s">Y</subfield>
            <subfield code="t">STKS-PERI</subfield>
            <subfield code="u">8/10/2006</subfield>
            <subfield code="z">DIGI-SENT</subfield>
            <subfield code="o">.TECHSTAFF. i:jku,8/10/06</subfield>
        </datafield>
        <datafield tag="999" ind1=" " ind2=" ">
            <subfield code="a">Q1 .S34 V.293:5527-5535 2001:JUL.-AUG.</subfield>
            <subfield code="w">LCPER</subfield>
            <subfield code="c">11</subfield>
            <subfield code="i">36105028826514</subfield>
            <subfield code="d">9/24/2008</subfield>
            <subfield code="e">9/10/2008</subfield>
            <subfield code="l">STACKS</subfield>
            <subfield code="m">SAL3</subfield>
            <subfield code="n">1</subfield>
            <subfield code="p">$40.00</subfield>
            <subfield code="q">10</subfield>
            <subfield code="r">Y</subfield>
            <subfield code="s">Y</subfield>
            <subfield code="t">STKS-PERI</subfield>
            <subfield code="u">10/22/2001</subfield>
            <subfield code="z">DIGI-SENT</subfield>
            <subfield code="o">.TECHSTAFF. tf:ENG 09/24/08 batch</subfield>
        </datafield>
    </record>