
<!-- Dewey with colon -->
    <record>
        <leader>00928cam a2200229 a 4500</leader>
        <controlfield tag="001">acolonDewey</controlfield>
        <controlfield tag="008">870909s1986    enka          000 0 eng d</controlfield>
        <datafield tag="245" ind1="0" ind2="0">
            <subfield code="a">dewey with colon from 3195844</subfield>
        </datafield>
        <datafield tag="999" ind1=" " ind2=" ">
            <subfield code="a">505 .N285 V.434:1-680 2005</subfield>
            <subfield code="w">DEWEYPER</subfield>
            <subfield code="c">1</subfield>
            <subfield code="i">36105121608587</subfield>
            <subfield code="d">6/7/2005</subfield>
            <subfield code="e">4/20/2005</subfield>
            <subfield code="l">SHELBYTITL</subfield>
            <subfield code="m">CHEMCHMENG</subfield>
            <subfield code="n">1</subfield>
            <subfield code="q">1</subfield>
            <subfield code="r">Y</subfield>
            <subfield code="s">Y</subfield>
            <subfield code="t">PERI2</subfield>
            <subfield code="u">4/20/2005</subfield>
        </datafield>
        <datafield tag="999" ind1=" " ind2=" ">
            <subfield code="a">505 .N285 V.428:NO.6978-6981 2004</subfield>
            <subfield code="w">DEWEYPER</subfield>
            <subfield code="c">4</subfield>
            <subfield code="i">36105114023281</subfield>
            <subfield code="d">7/6/2004</subfield>
            <subfield code="e">5/13/2004</subfield>
            <subfield code="l">SHELBYTITL</subfield>
            <subfield code="m">BIOLOGY</subfield>
            <subfield code="n">1</subfield>
            <subfield code="q">15</subfield>
            <subfield code="r">Y</subfield>
            <subfield code="s">Y</subfield>
            <subfield code="t">PERI</subfield>
            <subfield code="u">5/12/2004</subfield>
        </datafield>
        <!-- current location other than shelbytitle ... should it be shelbytitl?  -->
        <datafield tag="999" ind1=" " ind2=" ">
            <subfield code="a">505 .N285 V.458:543--1212 2009</subfield>
            <subfield code="w">DEWEYPER</subfield>
            <subfield code="c">1</subfield>
            <subfield code="i">36105123660933</subfield>
            <subfield code="d">6/8/2009</subfield>
            <subfield code="e">6/8/2009</subfield>
            <subfield code="l">SHELBYTITL</subfield>
            <subfield code="m">CHEMCHMENG</subfield>
            <subfield code="n">1</subfield>
            <subfield code="r">Y</subfield>
            <subfield code="s">Y</subfield>
            <subfield code="t">PERI2</subfield>
            <subfield code="u">6/8/2009</subfield>
        </datafield>
    </record>