
<!-- vol only in call number -->
    <record>
        <leader>01952cas  2200457Ia 45í0</leader>
        <controlfield tag="001">avolOnly</controlfield>
        <controlfield tag="008">870909s1986    enka          000 0 eng d</controlfield>
        <datafield tag="245" ind1="0" ind2="0">
            <subfield code="a">call number is vol only from 3195844</subfield>
        </datafield>
        <datafield tag="999" ind1=" " ind2=" ">
            <subfield code="a"> V.432: NO.7013-7017-7020 2004</subfield>
            <subfield code="w">LCPER</subfield>
            <subfield code="c">1</subfield>
            <subfield code="i">36105024533866</subfield>
            <subfield code="d">1/13/2006</subfield>
            <subfield code="l">SHELBYTITL</subfield>
            <subfield code="m">HOPKINS</subfield>
            <subfield code="n">9</subfield>
            <subfield code="q">1</subfield>
            <subfield code="r">Y</subfield>
            <subfield code="s">Y</subfield>
            <subfield code="t">PERI</subfield>
            <subfield code="u">5/13/2005</subfield>
        </datafield>
        <datafield tag="999" ind1=" " ind2=" ">
            <subfield code="a">V.433: NO.7021-7024 2005</subfield>
            <subfield code="w">LCPER</subfield>
            <subfield code="c">1</subfield>
            <subfield code="i">36105024533981</subfield>
            <subfield code="l">SHELBYTITL</subfield>
            <subfield code="m">HOPKINS</subfield>
            <subfield code="n">11</subfield>
            <subfield code="r">Y</subfield>
            <subfield code="s">Y</subfield>
            <subfield code="t">PERI</subfield>
            <subfield code="u">5/13/2005</subfield>
        </datafield>
        <datafield tag="999" ind1=" " ind2=" ">
            <subfield code="a"> V.421/426 2003 INDEX</subfield>
            <subfield code="w">LCPER</subfield>
            <subfield code="c">1</subfield>
            <subfield code="i">36105028435308</subfield>
            <subfield code="d">1/20/2005</subfield>
            <subfield code="e">10/28/2004</subfield>
            <subfield code="l">SHELBYTITL</subfield>
            <subfield code="m">HOPKINS</subfield>
            <subfield code="n">2</subfield>
            <subfield code="q">1</subfield>
            <subfield code="r">Y</subfield>
            <subfield code="s">Y</subfield>
            <subfield code="t">PERI</subfield>
            <subfield code="u">10/13/2004</subfield>
        </datafield>
    </record>