
<!-- gov doc calif -->
    <record>
        <leader>00928cam a2200229 a 4500</leader>
        <controlfield tag="001">agovDocCalif</controlfield>
        <controlfield tag="008">870909s1986    enka          000 0 eng d</controlfield>
        <datafield tag="245" ind1="0" ind2="0">
            <subfield code="a">gov doc Calif from 4460732 and 2972671</subfield>
        </datafield>
        <datafield tag="999" ind1=" " ind2=" ">
            <subfield code="a">CALIF T900 .J6</subfield>
            <subfield code="w">ALPHANUM</subfield>
            <subfield code="c">1</subfield>
            <subfield code="i">4460732-2001</subfield>
            <subfield code="l">CALIF-DOCS</subfield>
            <subfield code="m">GREEN</subfield>
            <subfield code="r">Y</subfield>
            <subfield code="s">Y</subfield>
            <subfield code="t">GOVSTKS</subfield>
            <subfield code="u">12/4/2000</subfield>
            <subfield code="o">.TECHSTAFF. i:dlb 1/4/01/i:pmb (7/31/01)/i:pmb (7/22/03)/i:krt(3/2/05)</subfield>
            <subfield code="o">.TECHSTAFF. Sent v.1, iss.2 &amp; iss. 2 for tc a4407422(CADep), dlb1/4/01</subfield>
        </datafield>
        <datafield tag="999" ind1=" " ind2=" ">
            <subfield code="a">CALIF T900 .J6 V.1-2</subfield>
            <subfield code="w">ALPHANUM</subfield>
            <subfield code="c">1</subfield>
            <subfield code="i">36105123936382</subfield>
            <subfield code="d">11/21/2007</subfield>
            <subfield code="e">9/14/2007</subfield>
            <subfield code="l">CALIF-DOCS</subfield>
            <subfield code="m">GREEN</subfield>
            <subfield code="n">1</subfield>
            <subfield code="r">Y</subfield>
            <subfield code="s">Y</subfield>
            <subfield code="t">GOVSTKS</subfield>
            <subfield code="u">8/23/2007</subfield>
        </datafield>
        <datafield tag="999" ind1=" " ind2=" ">
            <subfield code="a">CALIF L1080 .J67</subfield>
            <subfield code="w">ALPHANUM</subfield>
            <subfield code="c">1</subfield>
            <subfield code="i">001APN6839</subfield>
            <subfield code="d">1/12/1999</subfield>
            <subfield code="l">CALIF-DOCS</subfield>
            <subfield code="m">GREEN</subfield>
            <subfield code="p">$40.00</subfield>
            <subfield code="r">Y</subfield>
            <subfield code="s">Y</subfield>
            <subfield code="t">GOVSTKS</subfield>
            <subfield code="u">2/23/1995</subfield>
            <subfield code="o">.TECHSTAFF. #15/c:gf</subfield>
            <subfield code="o">.TECHSTAFF. tf:GOV-DOCS 01/99 batch</subfield>
        </datafield>
        <datafield tag="999" ind1=" " ind2=" ">
            <subfield code="a">CALIF L1080 .J67 V.1-12:NO.1</subfield>
            <subfield code="w">ALPHANUM</subfield>
            <subfield code="c">1</subfield>
            <subfield code="i">36105123634045</subfield>
            <subfield code="d">8/22/2007</subfield>
            <subfield code="e">7/6/2007</subfield>
            <subfield code="l">CALIF-DOCS</subfield>
            <subfield code="m">GREEN</subfield>
            <subfield code="n">1</subfield>
            <subfield code="r">Y</subfield>
            <subfield code="s">Y</subfield>
            <subfield code="t">GOVSTKS</subfield>
            <subfield code="u">6/29/2007</subfield>
        </datafield>
    </record>