
<!-- 4 digit year Serial -->
    <record>
        <leader>01952cas  2200457Ia 45í0</leader>
        <controlfield tag="001">ayear4digitSerial</controlfield>
        <controlfield tag="008">780930m19391944nyu   p       000 v eng d</controlfield>
        <datafield tag="245" ind1="0" ind2="0">
            <subfield code="a">serial: year 4 digit from 356476</subfield>
        </datafield>
        <datafield tag="999" ind1=" " ind2=" ">
            <subfield code="a">QD1 .C59 1975:P.1-742</subfield>
            <subfield code="w">LCPER</subfield>
            <subfield code="c">1</subfield>
            <subfield code="i">36105002195076</subfield>
            <subfield code="d">1/10/1997</subfield>
            <subfield code="l">STACKS</subfield>
            <subfield code="m">SAL</subfield>
            <subfield code="p">$40.00</subfield>
            <subfield code="r">Y</subfield>
            <subfield code="s">Y</subfield>
            <subfield code="t">STKS-MONO</subfield>
            <subfield code="u">2/19/1979</subfield>
            <subfield code="o">.TECHSTAFF. #16/i:bg</subfield>
            <subfield code="o">.TECHSTAFF. tf:swai 9-25-95 cdm</subfield>
            <subfield code="o">.TECHSTAFF. MIDSPINE.p.1-742</subfield>
        </datafield>
        <datafield tag="999" ind1=" " ind2=" ">
            <subfield code="a">QD1 .C59 1972:P.1207-2456</subfield>
            <subfield code="w">LCPER</subfield>
            <subfield code="c">1</subfield>
            <subfield code="i">36105002195134</subfield>
            <subfield code="d">1/10/1997</subfield>
            <subfield code="l">STACKS</subfield>
            <subfield code="m">SAL</subfield>
            <subfield code="p">$40.00</subfield>
            <subfield code="r">Y</subfield>
            <subfield code="s">Y</subfield>
            <subfield code="t">STKS-MONO</subfield>
            <subfield code="u">2/19/1979</subfield>
            <subfield code="o">.TECHSTAFF. #16/i:bg</subfield>
            <subfield code="o">.TECHSTAFF. tf:swai 9-25-95 cdm</subfield>
            <subfield code="o">.TECHSTAFF. MIDSPINE.p.1207-2456</subfield>
        </datafield>
    </record>